@article{Mamaev:2024,
    author = "Mamaev, Mikhail",
    collaboration = "BM@N",
    title = "{Baryonic Matter @ Nuclotron: Upgrade and Physics Program Overview}",
    doi = "10.1134/S1063778824010368",
    journal = "Physics of Atomic Nuclei",
    volume = "87",
    number = "1",
    pages = "311--318",
    year = "2024"
}

@article{Mamaev:2023yhz,
    author = "Mamaev, Mikhail and Taranenko, Arkadiy",
    title = "{Toward the System Size Dependence of Anisotropic Flow in Heavy-Ion Collisions at $\sqrt {s_{NN}}$= 2\textendash{}5 GeV}",
    doi = "10.3390/particles6020036",
    journal = "Particles",
    volume = "6",
    number = "2",
    pages = "622--637",
    year = "2023"
}

@article{Mamaev:2023fpr,
    author = "Mamaev, M.",
    title = "{Performance Towards Spectator Symmetry Plane Estimation Using Forwad Hadron Calorimeter in the BM@N Experiment}",
    doi = "10.1134/S1547477123050515",
    journal = "Phys. Part. Nucl. Lett.",
    volume = "20",
    number = "5",
    pages = "1205--1208",
    year = "2023"
}

@article{Mamaev:2020qom,
    author = "Mamaev, Mikhail and Golosov, Oleg and Selyuzhenkov, Ilya",
    collaboration = "HADES",
    title = "{Estimating Non-Flow Effects in Measurements of Anisotropic Flow of Protons with the HADES Experiment at GSI}",
    eprint = "2012.04433",
    archivePrefix = "arXiv",
    primaryClass = "nucl-ex",
    doi = "10.1134/S1063779622020514",
    journal = "Phys. Part. Nucl.",
    volume = "53",
    number = "2",
    pages = "277--281",
    year = "2022"
}

@article{HADES:2020lob,
    author = "Adamczewski-Musch, J. and Mamaev, Mikhail and others",
    collaboration = "HADES",
    title = "{Directed, Elliptic, and Higher Order Flow Harmonics of Protons, Deuterons, and Tritons in $\mathrm{Au}+\mathrm{Au}$ Collisions at $\sqrt{{s}_{NN}}=2.4\text{ }\text{ }\mathrm{GeV}$}",
    eprint = "2005.12217",
    archivePrefix = "arXiv",
    primaryClass = "nucl-ex",
    doi = "10.1103/PhysRevLett.125.262301",
    journal = "Phys. Rev. Lett.",
    volume = "125",
    pages = "262301",
    year = "2020"
}

@article{Mamaev:2020lpi,
    author = "Mamaev, M. and Golosov, O. and Selyuzhenkov, I.",
    editor = "Teterin, Petr",
    title = "{Directed flow of protons with the event plane and scalar product methods in the HADES experiment at SIS18}",
    doi = "10.1088/1742-6596/1690/1/012122",
    journal = "J. Phys. Conf. Ser.",
    volume = "1690",
    number = "1",
    pages = "012122",
    year = "2020"
}