@article{Bzdak:2019pkr,
    author = "Bzdak, Adam and Esumi, Shinichi and Koch, Volker and Liao, Jinfeng and Stephanov, Mikhail and Xu, Nu",
    title = "{Mapping the Phases of Quantum Chromodynamics with Beam Energy Scan}",
    journal = "Phys. Rept.",
    volume = "853",
    pages = "1--87",
    year = "2020"
}

@inbook{Xu:2022mqn,
    author = "Xu, N. and et.~al",
    title = "{Nuclear Matter at High Density and Equation of State}",
    year = "2022"
}

@article{Esumi:2022uas,
    author = "Esumi, Shinichi",
    collaboration = "STAR, ShinIchi Esumi",
    title = "{Results from beam energy scan program at RHIC-STAR}",
    journal = "PoS",
    volume = "CPOD2021",
    pages = "001",
    year = "2022"
}

@article{Kowalski:2022ugf,
    author = "Kowalski, Seweryn",
    collaboration = "NA61/SHINE",
    title = "{Highlights from NA61/SHINE}",
    journal = "PoS",
    volume = "CPOD2021",
    pages = "002",
    year = "2022"
}

@article{Senger:2022bzm,
    author = "Senger, Peter",
    collaboration = "BM@N",
    title = "{The heavy-ion program at the upgraded Baryonic Matter@Nuclotron Experiment at NICA}",
    journal = "PoS",
    volume = "CPOD2021",
    pages = "033",
    year = "2022"
}

@article{HADES:2022gdr,
    author = "Adamczewski-Musch, J. and et.~al",
    collaboration = "HADES",
    title = "{HADES and the QCD phase diagram}",
    journal = "PoS",
    volume = "CPOD2021",
    pages = "003",
    year = "2022"
}

@article{MPD:2022qhn,
    author = "Abgaryan, V. and et.~al",
    collaboration = "MPD",
    title = "{Status and initial physics performance studies of the MPD experiment at NICA}",
    journal = "Eur. Phys. J. A",
    volume = "58",
    number = "7",
    pages = "140",
    year = "2022"
}

@article{CBM:2016kpk,
    author = "Ablyazimov, T. and et.~al",
    collaboration = "CBM",
    title = "{Challenges in QCD matter physics --The scientific programme of the Compressed Baryonic Matter experiment at FAIR}",
    journal = "Eur. Phys. J. A",
    volume = "53",
    number = "3",
    pages = "60",
    year = "2017"
}

@article{Senger_2021,
    year = {2021},
    month = {mar},
    publisher = {IOP Publishing},
    volume = {96},
    number = {5},
    pages = {054002},
    author = {P Senger and for the CBM Collaboration},
    title = {Astrophysics with heavy-ion beams},
    journal = {Physica Scripta}
}

@article{Voloshin:2008dg,
    author = "Voloshin, Sergei A. and Poskanzer, Arthur M. and Snellings, Raimond",
    editor = "Stock, R.",
    title = "{Collective phenomena in non-central nuclear collisions}",
    journal = "Landolt-Bornstein",
    volume = "23",
    pages = "293--333",
    year = "2010"
}

@article{Russotto:2011hq,
    author = "Russotto, P. and et.~al",
    title = "{Symmetry energy from elliptic flow in $^{197}$Au $+ ^{197}$Au}",
    journal = "Phys. Lett. B",
    volume = "697",
    pages = "471--476",
    year = "2011"
}

@article{Cozma:2011nr,
    author = "Cozma, M. D.",
    title = "{Neutron-proton elliptic flow difference as a probe for the high density dependence of the symmetry energy}",
    journal = "Phys. Lett. B",
    volume = "700",
    pages = "139--144",
    year = "2011"
}

@article{E895:1999ldn,
    author = "Pinkenburg, C. and et.~al",
    collaboration = "E895",
    title = "{Elliptic flow: Transition from out-of-plane to in-plane emission in Au + Au collisions}",
    journal = "Phys. Rev. Lett.",
    volume = "83",
    pages = "1295--1298",
    year = "1999"
}

@article{E895:2000maf,
    author = "Liu, H. and et.~al",
    collaboration = "E895",
    title = "{Sideward flow in Au + Au collisions between 2-A-GeV and 8-A-GeV}",
    journal = "Phys. Rev. Lett.",
    volume = "84",
    pages = "5488--5492",
    year = "2000"
}

@article{E895:2001axb,
    author = "Chung, P. and et.~al",
    collaboration = "E895",
    title = "{Differential elliptic flow in 2-A-GeV - 6-A-GeV Au+Au collisions: A New constraint for the nuclear equation of state}",
    doi = "10.1103/PhysRevC.66.021901",
    journal = "Phys. Rev. C",
    volume = "66",
    pages = "021901",
    year = "2002"
}

@article{Danielewicz:2002pu,
    author = "Danielewicz, Pawel and Lacey, Roy and Lynch, William G.",
    title = "{Determination of the equation of state of dense matter}",
    journal = "Science",
    volume = "298",
    pages = "1592--1596",
    year = "2002"
}

@article{Senger:2022ihi,
    author = "Senger, Peter",
    title = "{Pioneering the Equation of State of Dense Nuclear Matter with Strange Particles Emitted in Heavy-Ion Collisions: The KaoS Experiment at GSI}",
    journal = "Particles",
    volume = "5",
    number = "1",
    pages = "21--39",
    year = "2022"
}

@article{STAR:2021yiu,
    author = "Abdallah, M. S. and et.~al",
    collaboration = "STAR",
    title = "{Disappearance of partonic collectivity in sNN=3GeV Au+Au collisions at RHIC}",
    journal = "Phys. Lett. B",
    volume = "827",
    pages = "137003",
    year = "2022"
}

@article{STAR:2020dav,
    author = "Adam, J. and et.~al",
    collaboration = "STAR",
    title = "{Flow and interferometry results from Au+Au collisions at $\sqrt{s_{NN}} = 4.5$ GeV}",
    journal = "Phys. Rev. C",
    volume = "103",
    number = "3",
    pages = "034908",
    year = "2021"
}

@article{Alver:2008,
    author = "Alver, B. and et.~al",
    collaboration = "PHOBOS",
    title = "{Importance of correlations and fluctuations on the initial source eccentricity in high-energy nucleus-nucleus collisions}",
    journal = "Phys. Rev. C",
    volume = "77",
    pages = "014906",
    year = "2008"
}

@article{Bhalerao:2006tp,
    author = "Bhalerao, Rajeev S. and Ollitrault, Jean-Yves",
    title = "{Eccentricity fluctuations and elliptic flow at RHIC}",
    journal = "Phys. Lett. B",
    volume = "641",
    pages = "260--264",
    year = "2006"
}

@article{Borghini:2001vi,
    author = "Borghini, Nicolas and Dinh, Phuong Mai and Ollitrault, Jean-Yves",
    title = "{Flow analysis from multiparticle azimuthal correlations}",
    journal = "Phys. Rev. C",
    volume = "64",
    pages = "054901",
    year = "2001"
}

@article{Ollitrault:1997vz,
    author = "Ollitrault, Jean-Yves",
    editor = "Hatsuda, T. and Miake, Y. and Yagi, K. and Nagamiya, S.",
    title = "{Flow systematics from SIS to SPS energies}",
    journal = "Nucl. Phys. A",
    volume = "638",
    pages = "195--206",
    year = "1998"
}

@article{Weber:1998aa,
    author = "Weber, H. and Ernst, C. and Bass, S. A. and Spieles, C. and Bleicher, M. and Bravina, L. and Stoecker, Horst and Greiner, W.",
    editor = "Karsch, F. and Lombardo, M. P.",
    title = "{Excitation function of energy density and partonic degrees of freedom in relativistic heavy ion collisions}",
    journal = "Nucl. Phys. A",
    volume = "642",
    pages = "121--129",
    year = "1998"
}

@article{Herrmann:1999wu,
    author = "Herrmann, N. and Wessels, J. P. and Wienold, T.",
    title = "{Collective flow in heavy ion collisions}",
    journal = "Ann. Rev. Nucl. Part. Sci.",
    volume = "49",
    pages = "581--632",
    year = "1999"
}

@article{Selyuzhenkov:2007zi,
    author = "Selyuzhenkov, Ilya and Voloshin, Sergei",
    title = "{Effects of non-uniform acceptance in anisotropic flow measurement}",
    journal = "Phys. Rev. C",
    volume = "77",
    pages = "034904",
    year = "2008"
}

@article{QnTools,
    author = "Kreis, L. and Selyuzhenkov, I.",
    title = "{QnTools analysis framework}",
    url = "{https://github.com/HeavyIonAnalysis/QnTools}",
}

@article{HADES:2009aat,
    author = "Agakishiev, G. and et.~al",
    collaboration = "HADES",
    title = "{The High-Acceptance Dielectron Spectrometer HADES}",
    journal = "Eur. Phys. J. A",
    volume = "41",
    pages = "243--277",
    year = "2009"
}

@article{hades2009high,
  title={The high-acceptance dielectron spectrometer HADES},
  author={HADES collaboration and Agakichiev, G and Agodi, C and Alvarez-Pol, H and Atkin, E and Badura, E and Balanda, A and Bassi, A and Bassini, R and Bellia, G and et.~al},
  journal={The European Physical Journal A},
  volume={41},
  pages={243--277},
  year={2009},
  publisher={Springer}
}

@article{Zhang:2018wlk,
    author = "Zhang, Chao and Chen, Jiamin and Luo, Xiaofeng and Liu, Feng and Nara, Yasushi",
    title = "{Beam energy dependence of the squeeze-out effect on the directed and elliptic flow in Au + Au collisions in the high baryon density region}",
    journal = "Phys. Rev. C",
    volume = "97",
    number = "6",
    pages = "064913",
    year = "2018"
}

@article{oliinychenko2022sensitivity,
  title={Sensitivity of Au+ Au collisions to the symmetric nuclear matter equation of state at 2--5 nuclear saturation densities},
  author={Oliinychenko, Dmytro and Sorensen, Agnieszka and Koch, Volker and McLerran, Larry},
  journal={arXiv preprint arXiv:2208.11996},
  year={2022}
}

@article{Oliinychenko:2022uvy,
    author = "Oliinychenko, Dmytro and Sorensen, Agnieszka and Koch, Volker and McLerran, Larry",
    title = "{Sensitivity of Au+Au collisions to the symmetric nuclear matter equation of state at 2 -- 5 nuclear saturation densities}",
    month = "8",
    year = "2022"
}

@article{Bleicher:1999xi,
    author = "Bleicher, M. and et.~al",
    title = "{Relativistic hadron hadron collisions in the ultrarelativistic quantum molecular dynamics model}",
    journal = "J. Phys. G",
    volume = "25",
    pages = "1859--1896",
    year = "1999"
}

@article{BASS1998255,
title = {Microscopic models for ultrarelativistic heavy ion collisions},
journal = {Progress in Particle and Nuclear Physics},
volume = {41},
pages = {255-369},
year = {1998},
author = {S.A. Bass and M. Belkacem and M. Bleicher and M. Brandstetter and L. Bravina and C. Ernst and L. Gerland and M. Hofmann and S. Hofmann and J. Konopka and G. Mao and L. Neise and S. Soff and C. Spieles and H. Weber and L.A. Winckelmann and H. St√∂cker and W. Greiner and Ch. Hartnack and J. Aichelin and N. Amelin}
}

@article{aichelin2020parton,
  title={Parton-hadron-quantum-molecular dynamics: A novel microscopic n-body transport approach for heavy-ion collisions, dynamical cluster formation, and hypernuclei production},
  author={Aichelin, Joerg and Bratkovskaya, E and Le F{\`e}vre, A and Kireyeu, V and Kolesnikov, V and Leifels, Y and Voronyuk, V and Coci, G},
  journal={Physical Review C},
  volume={101},
  number={4},
  pages={044905},
  year={2020},
  publisher={APS}
}

@article{Baznat:2019iom,
    author = "Baznat, M. and Botvina, A. and Musulmanbekov, G. and Toneev, V. and Zhezher, V.",
    title = "{Monte-Carlo Generator of Heavy Ion Collisions DCM-SMM}",
    journal = "Phys. Part. Nucl. Lett.",
    volume = "17",
    number = "3",
    pages = "303--324",
    year = "2020"
}

@inproceedings{nara2019jam,
  title={JAM: an event generator for high energy nuclear collisions},
  author={Nara, Yasushi},
  booktitle={EPJ Web of Conferences},
  volume={208},
  pages={11004},
  year={2019},
  organization={EDP Sciences}
}

@article{Nara:2019qfd,
    author = "Nara, Yasushi and Stoecker, Horst",
    title = "{Sensitivity of the excitation functions of collective flow to relativistic scalar and vector meson interactions in the relativistic quantum molecular dynamics model RQMD.RMF}",
    journal = "Phys. Rev. C",
    volume = "100",
    number = "5",
    pages = "054902",
    year = "2019"
}

@article{Nara:2020ztb,
    author = "Nara, Yasushi and Maruyama, Tomoyuki and Stoecker, Horst",
    title = "{Momentum-dependent potential and collective flows within the relativistic quantum molecular dynamics approach based on relativistic mean-field theory}",
    journal = "Phys. Rev. C",
    volume = "102",
    number = "2",
    pages = "024913",
    year = "2020"
}

@article{adamczyk2013elliptic,
  title={Elliptic flow of identified hadrons in Au+ Au collisions at s NN= 7.7--62.4 GeV},
  author={Adamczyk, L and Adkins, JK and Agakishiev, G and Aggarwal, MM and Ahammed, Z and Alekseev, I and Alford, J and Anson, CD and Aparin, A and Arkhipkin, D and et.~al},
  journal={Physical Review C},
  volume={88},
  number={1},
  pages={014902},
  year={2013},
  publisher={APS}
}

@article{HADES:2017def,
    author = "Adamczewski-Musch, J. and et.~al",
    collaboration = "HADES",
    title = "{Centrality determination of Au + Au collisions at 1.23A GeV with HADES}",
    journal = "Eur. Phys. J. A",
    volume = "54",
    number = "5",
    pages = "85",
    year = "2018"
}

@article{FOPI:2011aa,
    author = "Reisdorf, W. and et.~al",
    collaboration = "FOPI",
    title = "{Systematics of azimuthal asymmetries in heavy ion collisions in the 1 A GeV regime}",
    journal = "Nucl. Phys. A",
    volume = "876",
    pages = "1--60",
    year = "2012"
}

@article{Parfenov:2022brq,
    author = "Parfenov, Petr",
    title = "{Model Study of the Energy Dependence of Anisotropic Flow in Heavy-Ion Collisions at $\sqrt {s_{NN}}$ = 2\textendash{}4.5 GeV}",
    journal = "Particles",
    volume = "5",
    number = "4",
    pages = "561--579",
    year = "2022"
}

@article{Parfenov:2021ipw,
    author = "Parfenov, Petr and Idrisov, Dim and Luong, Vinh Ba and Taranenko, Arkadiy",
    title = "{Relating Charged Particle Multiplicity to Impact Parameter in Heavy-Ion Collisions at NICA Energies}",
    journal = "Particles",
    volume = "4",
    number = "2",
    pages = "275--287",
    year = "2021"
}

@article{MPD:2021kbc,
    author = "Parfenov, P. and et.~al",
    collaboration = "MPD",
    title = "{Performance for Directed Flow Measurements of the MPD Experiment at NICA Collider}",
    journal = "Phys. Part. Nucl.",
    volume = "52",
    number = "4",
    pages = "618--623",
    year = "2021"
}

@article{NA61:2014lfx,
    author = "Abgrall, N. and et.~al",
    collaboration = "NA61",
    title = "{NA61/SHINE facility at the CERN SPS: beams and detector system}",
    journal = "JINST",
    volume = "9",
    pages = "P06005",
    year = "2014"
}

@article{E895:2000maf,
    author = "Liu, H. and et.~al",
    collaboration = "E895",
    title = "{Sideward flow in Au + Au collisions between 2-A-GeV and 8-A-GeV}",
    journal = "Phys. Rev. Lett.",
    volume = "84",
    pages = "5488--5492",
    year = "2000"
}

@article{STAR:2020dav,
    author = "Adam, J. and et.~al",
    collaboration = "STAR",
    title = "{Flow and interferometry results from Au+Au collisions at $\sqrt{s_{NN}} = 4.5$ GeV}",
    journal = "Phys. Rev. C",
    volume = "103",
    number = "3",
    pages = "034908",
    year = "2021"
}

@article{FOPI:2011aa,
    author = "Reisdorf, W. and et.~al",
    collaboration = "FOPI",
    title = "{Systematics of azimuthal asymmetries in heavy ion collisions in the 1 A GeV regime}",
    journal = "Nucl. Phys. A",
    volume = "876",
    pages = "1--60",
    year = "2012"
}

@article{Belenkij:1955pgn,
    author = "Belenkij, S. Z. and Landau, L. D.",
    title = "{Hydrodynamic theory of multiple production of particles}",
    doi = "10.1007/BF02745507",
    journal = "Usp. Fiz. Nauk",
    volume = "56",
    pages = "309",
    year = "1955"
}

@article{Gustafsson:1984ka,
    author = "Gustafsson, H. A. and et.~al",
    title = "{Collective Flow Observed in Relativistic Nuclear Collisions}",
    doi = "10.1103/PhysRevLett.52.1590",
    journal = "Phys. Rev. Lett.",
    volume = "52",
    pages = "1590--1593",
    year = "1984"
}

@article{Renfordt:1984et,
    author = "Renfordt, R. E. and et.~al",
    title = "{STOPPING POWER AND COLLECTIVE FLOW OF NUCLEAR MATTER IN THE REACTION AR + PB AT 0.8-GEV/U}",
    doi = "10.1103/PhysRevLett.53.763",
    journal = "Phys. Rev. Lett.",
    volume = "53",
    pages = "763--766",
    year = "1984"
}

@article{Danielewicz:1985hn,
    author = "Danielewicz, P. and Odyniec, G.",
    title = "{Transverse Momentum Analysis of Collective Motion in Relativistic Nuclear Collisions}",
    primaryClass = "nucl-th",
    reportNumber = "LBL-18600",
    doi = "10.1016/0370-2693(85)91535-7",
    journal = "Phys. Lett. B",
    volume = "157",
    pages = "146--150",
    year = "1985"
}

@article{Danielewicz:1987in,
    author = "Danielewicz, P. and et.~al",
    title = "{Collective Motion in Nucleus-nucleus Collisions at 800-{MeV}/nucleon}",
    reportNumber = "IFT-42-87-WARSAW",
    doi = "10.1103/PhysRevC.38.120",
    journal = "Phys. Rev. C",
    volume = "38",
    pages = "120--134",
    year = "1988"
}

@article{Gustafsson:1984qh,
    author = "Gustafsson, H. A. and et.~al",
    title = "{OBSERVATION OF STRONG AZIMUTHAL ASYMMETRY BETWEEN SLOW AND FAST PARTICLES FROM HIGH-ENERGY NUCLEAR COLLISIONS}",
    doi = "10.1007/BF01411969",
    journal = "Z. Phys. A",
    volume = "321",
    pages = "389--393",
    year = "1985"
}

@article{Gutbrod:1989wd,
    author = "Gutbrod, Hans H. and Poskanzer, Arthur M. and Ritter, Hans Georg",
    title = "{PLASTIC BALL EXPERIMENTS}",
    reportNumber = "LBL-26922, GSI-89-36",
    doi = "10.1088/0034-4885/52/10/003",
    journal = "Rept. Prog. Phys.",
    volume = "52",
    pages = "1267",
    year = "1989"
}

@article{EOS:1994kku,
    author = "Partlan, M. D. and et.~al",
    collaboration = "EOS",
    title = "{Fragment flow in Au + Au collisions}",
    reportNumber = "LBL-36280",
    doi = "10.1103/PhysRevLett.75.2100",
    journal = "Phys. Rev. Lett.",
    volume = "75",
    pages = "2100--2103",
    year = "1995"
}

@article{EOS:1996kon,
    author = "Chance, J. L. and et.~al",
    collaboration = "EOS",
    title = "{The Energy dependence of flow in Ni induced collisions from 400-MeV to 1970A-MeV}",
    doi = "10.1103/PhysRevLett.78.2535",
    journal = "Phys. Rev. Lett.",
    volume = "78",
    pages = "2535--2538",
    year = "1997"
}

@article{Chapline:1973kkq,
    author = "Chapline, G. F. and Johnson, M. H. and Teller, E. and Weiss, M. S.",
    title = "{Highly excited nuclear matter}",
    doi = "10.1103/PhysRevD.8.4302",
    journal = "Phys. Rev. D",
    volume = "8",
    pages = "4302--4308",
    year = "1973"
}

@article{Scheid:1974zz,
    author = "Scheid, Werner and Muller, Hans and Greiner, Walter",
    title = "{Nuclear Shock Waves in Heavy-Ion Collisions}",
    doi = "10.1103/PhysRevLett.32.741",
    journal = "Phys. Rev. Lett.",
    volume = "32",
    pages = "741--745",
    year = "1974"
}

@article{EOS:1994jzn,
    author = "Wang, S. and et.~al",
    collaboration = "EOS",
    title = "{Light fragment production and power law behavior in Au + Au collisions}",
    reportNumber = "LBL-36077",
    doi = "10.1103/PhysRevLett.74.2646",
    journal = "Phys. Rev. Lett.",
    volume = "74",
    pages = "2646--2649",
    year = "1995"
}

@article{Kruse:1985hy,
    author = "Kruse, H. and Jacak, B. V. and Stoecker, Horst",
    title = "{Microscopic theory of pion production and sidewards flow in heavy ion collisions}",
    doi = "10.1103/PhysRevLett.54.289",
    journal = "Phys. Rev. Lett.",
    volume = "54",
    pages = "289--292",
    year = "1985"
}

@article{Molitoris:1985gs,
    author = "Molitoris, J. J. and Stoecker, Horst",
    title = "{FURTHER EVIDENCE FOR A STIFF NUCLEAR EQUATION OF STATE FROM A TRANSVERSE MOMENTUM ANALYSIS OF Ar (1800-MEV/NUCLEON) + KCl}",
    doi = "10.1103/PhysRevC.32.346",
    journal = "Phys. Rev. C",
    volume = "32",
    pages = "346--348",
    year = "1985"
}

@article{Gale:1987zz,
    author = "Gale, Charles and Bertsch, G. and Das Gupta, S.",
    title = "{Heavy-ion collision theory with momentum-dependent interactions}",
    doi = "10.1103/PhysRevC.35.1666",
    journal = "Phys. Rev. C",
    volume = "35",
    pages = "1666--1671",
    year = "1987"
}

@article{Aichelin:1987ti,
    author = "Aichelin, J. and Rosenhauer, A. and Peilert, G. and Stoecker, Horst and Greiner, W.",
    title = "{Importance of Momentum Dependent Interactions for the Extraction of the Nuclear Equation of State From High-energy Heavy Ion Collisions}",
    doi = "10.1103/PhysRevLett.58.1926",
    journal = "Phys. Rev. Lett.",
    volume = "58",
    pages = "1926--1929",
    year = "1987"
}

@article{Welke:1988zz,
    author = "Welke, G. M. and Prakash, M. and Kuo, T. T. S. and Das Gupta, S. and Gale, Charles",
    title = "{Azimuthal distributions in heavy ion collisions and the nuclear equation of state}",
    doi = "10.1103/PhysRevC.38.2101",
    journal = "Phys. Rev. C",
    volume = "38",
    pages = "2101--2107",
    year = "1988"
}

@article{Haddad:1995vt,
    author = "Haddad, F. and Sebille, F. and Farine, M. and Schuck, P. and de la Mota, V. and Jouault, B.",
    title = "{Effects of Gogny-type interactions on the nuclear flow}",
    reportNumber = "SUBATECH-95-07",
    doi = "10.1103/PhysRevC.52.2013",
    journal = "Phys. Rev. C",
    volume = "52",
    pages = "2013--2020",
    year = "1995"
}

@article{Demoulins:1990ac,
    author = "Demoulins, M. and et.~al",
    title = "{Measurement of a baryon azimuthal emission pattern in Ne + (NaF, Nb, Pb) collisions at 800-MeV per nucleon}",
    doi = "10.1016/0370-2693(90)91855-6",
    journal = "Phys. Lett. B",
    volume = "241",
    pages = "476--480",
    year = "1990"
}

@article{Gutbrod:1989gh,
    author = "Gutbrod, H. H. and Kampert, K. H. and Kolb, B. and Poskanzer, Arthur M. and Ritter, H. G. and Schicker, R. and Schmidt, H. R.",
    title = "{Squeezeout of Nuclear Matter as a Function of Projectile Energy and Mass}",
    reportNumber = "LBL-28300",
    doi = "10.1103/PhysRevC.42.640",
    journal = "Phys. Rev. C",
    volume = "42",
    pages = "640--651",
    year = "1990"
}

@article{Gutbrod:1988hh,
    author = "Gutbrod, H. H. and Kolb, B. W. and Schmidt, H. R. and Poskanzer, Arthur M. and Ritter, H. G. and Kampert, K. H.",
    title = "{A New Component of the Collective Flow in Relativistic Heavy Ion Collisions}",
    doi = "10.1016/0370-2693(89)91113-1",
    journal = "Phys. Lett. B",
    volume = "216",
    pages = "267--271",
    year = "1989"
}

@article{Voloshin:1994mz,
    author = "Voloshin, S. and Zhang, Y.",
    title = "{Flow study in relativistic nuclear collisions by Fourier expansion of Azimuthal particle distributions}",
    doi = "10.1007/s002880050141",
    journal = "Z. Phys. C",
    volume = "70",
    pages = "665--672",
    year = "1996"
}

@article{Poskanzer:1998yz,
    author = "Poskanzer, Arthur M. and Voloshin, S. A.",
    title = "{Methods for analyzing anisotropic flow in relativistic nuclear collisions}",
    doi = "10.1103/PhysRevC.58.1671",
    journal = "Phys. Rev. C",
    volume = "58",
    pages = "1671--1678",
    year = "1998"
}

@article{Herrmann:1999wu,
    author = "Herrmann, N. and Wessels, J. P. and Wienold, T.",
    title = "{Collective flow in heavy ion collisions}",
    doi = "10.1146/annurev.nucl.49.1.581",
    journal = "Ann. Rev. Nucl. Part. Sci.",
    volume = "49",
    pages = "581--632",
    year = "1999"
}

@article{Danielewicz:2002pu,
    author = "Danielewicz, Pawel and Lacey, Roy and Lynch, William G.",
    title = "{Determination of the equation of state of dense matter}",
    doi = "10.1126/science.1078070",
    journal = "Science",
    volume = "298",
    pages = "1592--1596",
    year = "2002"
}

@article{FOPI:2011aa,
    author = "Reisdorf, W. and et.~al",
    collaboration = "FOPI",
    title = "{Systematics of azimuthal asymmetries in heavy ion collisions in the 1 A GeV regime}",
    primaryClass = "nucl-ex",
    doi = "10.1016/j.nuclphysa.2011.12.006",
    journal = "Nucl. Phys. A",
    volume = "876",
    pages = "1--60",
    year = "2012"
}

@article{stock2004relativistic,
  title={Relativistic nucleus--nucleus collisions: from the BEVALAC to RHIC},
  author={Stock, Reinhard},
  journal={Journal of Physics G: Nuclear and Particle Physics},
  volume={30},
  number={8},
  pages={S633},
  year={2004},
  publisher={IOP Publishing}
}

@article{Adamczewski-Musch:2019byl,
    author = "Adamczewski-Musch, J. and others",
    collaboration = "HADES",
    title = "{Probing dense baryon-rich matter with virtual photons}",
    doi = "10.1038/s41567-019-0583-8",
    journal = "Nature Phys.",
    volume = "15",
    number = "10",
    pages = "1040--1045",
    year = "2019"
}

@article{ALICE:2019hno,
    author = "Acharya, Shreyasi and others",
    collaboration = "ALICE",
    title = "{Production of charged pions, kaons, and (anti-)protons in Pb-Pb and inelastic $pp$ collisions at $\sqrt {s_{NN}}$ = 5.02 TeV}",
    eprint = "1910.07678",
    archivePrefix = "arXiv",
    primaryClass = "nucl-ex",
    reportNumber = "CERN-EP-2019-208",
    doi = "10.1103/PhysRevC.101.044907",
    journal = "Phys. Rev. C",
    volume = "101",
    number = "4",
    pages = "044907",
    year = "2020"
}

@article{NA49:2004iqm,
    author = "Gazdzicki, M. and others",
    editor = "Ritter, Hans Georg and Wang, Xin-Nian",
    collaboration = "NA49",
    title = "{Report from NA49}",
    eprint = "nucl-ex/0403023",
    archivePrefix = "arXiv",
    doi = "10.1088/0954-3899/30/8/008",
    journal = "J. Phys. G",
    volume = "30",
    pages = "S701--S708",
    year = "2004"
}

@article{UA5:1981lmw,
    author = "Alpgard, K. and others",
    collaboration = "UA5",
    title = "{First Results on Complete Events from p anti-p Collisions at the Center-of-Mass Energy of 540-GeV}",
    reportNumber = "CERN-EP-81-152",
    doi = "10.1016/0370-2693(81)90837-6",
    journal = "Phys. Lett. B",
    volume = "107",
    pages = "310--314",
    year = "1981"
}

@article{Miller:2007ri,
    author = "Miller, Michael L. and Reygers, Klaus and Sanders, Stephen J. and Steinberg, Peter",
    title = "{Glauber modeling in high energy nuclear collisions}",
    eprint = "nucl-ex/0701025",
    archivePrefix = "arXiv",
    doi = "10.1146/annurev.nucl.57.090506.123020",
    journal = "Ann. Rev. Nucl. Part. Sci.",
    volume = "57",
    pages = "205--243",
    year = "2007"
}

@article{Botvina:1994vj,
    author = "Botvina, A. S. and others",
    title = "{Multifragmentation of spectators in relativistic heavy ion reactions}",
    reportNumber = "GSI-94-36",
    doi = "10.1016/0375-9474(94)00621-S",
    journal = "Nucl. Phys. A",
    volume = "584",
    pages = "737--756",
    year = "1995"
}

@article{Baznat:2019iom,
    author = "Baznat, M. and Botvina, A. and Musulmanbekov, G. and Toneev, V. and Zhezher, V.",
    title = "{Monte-Carlo Generator of Heavy Ion Collisions DCM-SMM}",
    eprint = "1912.09277",
    archivePrefix = "arXiv",
    primaryClass = "nucl-th",
    doi = "10.1134/S1547477120030024",
    journal = "Phys. Part. Nucl. Lett.",
    volume = "17",
    number = "3",
    pages = "303--324",
    year = "2020"
}